@inproceedings{cloudish-tr,
  author = {Cristian Klein and Martina Maggio and Karl-Erik Årzén and
                  Francisco Hernández-Rodriguez},
  title = {Brownout: Building more Robust Cloud Applications},
  booktitle = {ICSE}, 
  year = {2014}, 
}

@inproceedings{openvsclosed,
 author = {Schroeder, Bianca and Wierman, Adam and Harchol-Balter, Mor},
 title = {Open Versus Closed: A Cautionary Tale},
 booktitle = {NSDI},
 year = {2006},
 XXX_fornowremoved_pages = {18--28},
} 


@article{Fielding02,
  author = {Fielding, Roy T. and Taylor, Richard N.},
  title = {Principled design of the modern Web architecture},
  journal = {ACM Trans. Internet Technol.},
  volume = {2},
  number = {2},
  month = may,
  year = {2002},
  XXX_fornowremoved_pages = {115--150},
}

@article{Nah04:BIT,
  author = {Nah, Fiona Fui-Hoon},
  title = {A study on tolerable waiting time: how long are Web users willing to wait?},
  journal = {Behaviour and Information Technology},
  volume = {23},
  number = {3},
  XXX_fornowremoved_pages = {153--163},
  year = {2004},
}

@inproceedings{SimEvents, 
  author = {Clune, M.I. and Mosterman, P.J. and Cassandras, C.G.}, 
  booktitle = {8th International Workshop on Discrete Event Systems}, 
  title = {Discrete Event and Hybrid System Simulation with SimEvents}, 
  year = {2006}, 
  XXX_fornowremoved_pages = {386--387}, 
}

@inproceedings{Gulati11:HotCloud,
  author = {Gulati, Ajay and Shanmuganathan, Ganesha and Holler, Anne
                  and Ahmad, Irfan},
  title = {Cloud-scale resource management: challenges and techniques},
  booktitle = {HotCloud},
  year = {2011},
}

@article{Buyya09:FGCS,
  author = {Rajkumar Buyya and Chee Shin Yeo and Srikumar Venugopal
                  and James Broberg and Ivona Brandic}, 
  title = {Cloud Computing and Emerging IT Platforms: Vision, Hype,
                  and Reality for Delivering Computing as the 5th
                  Utility},
  journal = {Future Generation Computer Systems},
  volume = 25,
  number = 6,
  XXX_fornowremoved_pages = {599--616},
  year = {2009},
}

@inproceedings{Herbst13:ICAC,
  author = {Nikolas Roman Herbst and Samuel Kounev and Ralf Reussner},
  title = {Elasticity in Cloud Computing: What it is, and What it is
                  Not},
  booktitle = {ICAC},
  year = {2013},
}

@article{WPonMckinsey13,
  author = {Neil Irwin},
  title = {These 12 technologies will drive our economic future}, 
  year = {2013},
  month = may,
  day = {24},
  journal = {The Washington Post},
  url = {http://goo.gl/EyPBxd},
}

@inproceedings{Bodik10:SoCC,
  author = {Bodik, Peter and Fox, Armando and Franklin, Michael J. and
                  Jordan, Michael I. and Patterson, David A.},
  title = {Characterizing, modeling, and generating workload spikes
                  for stateful services},
  booktitle = {SOCC},
  year = {2010},
  XXX_fornowremoved_pages = {241--252},
}

@book{Barroso09,
  author    = {Luiz Andre Barroso and Urs Hölzle},
  title     = {The Datacenter as a Computer: An Introduction to the
                  Design of Warehouse-Scale Machines},
  publisher = {Morgan {\&} Claypool},
  series    = {Synthesis Lectures on Computer Architecture},
  year      = {2009},
}

@article{Lu11:PerfEval,
  author = {Lu, Yi and Xie, Qiaomin and Kliot, Gabriel and Geller,
                  Alan and Larus, James R. and Greenberg, Albert},
  title = {Join-Idle-Queue: A novel load balancing algorithm for
                  dynamically scalable web services},
  journal = {Perform. Eval.},
  volume = {68},
  number = {11},
  month = nov,
  year = {2011},
}

@inproceedings{Lin12:IGCC,
  author = {Lin, Minghong and Liu, Zhenhua and Wierman, Adam and
                  Andrew, Lachlan L.  H.},
  title = {Online algorithms for geographical load balancing},
  booktitle = {IGCC},
  year = {2012},
  XXX_fornowremoved_pages = {1--10},
} 

@ARTICLE{LoadBalancingForElectricity:TCC, 
  author = {Doyle, Joseph and Shorten, Robert and O'Mahony, Donal}, 
  journal = {Cloud Computing, IEEE Transactions on}, 
  title = {Stratus: Load Balancing the Cloud for Carbon Emissions Control}, 
  year = {2013}, 
  volume = {1}, 
  number = {1}, 
  XXX_fornowremoved_pages = {116--128},
}

@ARTICLE{StaticLoadBalancing:TSE, 
  author = {Ni, L.M. and Kai Hwang}, 
  journal = {IEEE Transactions on Software Engineering}, 
  title = {Optimal Load Balancing in a Multiple Processor System with Many Job Classes}, 
  year = {1985}, 
  volume = {11}, 
  number = {5}, 
  XXX_fornowremoved_pages = {491--496}, 
}

@article{StaticOptimal:ACM,
 author = {Tantawi, Asser N. and Towsley, Don},
 title = {Optimal Static Load Balancing in Distributed Computer Systems},
 journal = {J. ACM},
 volume = {32},
 number = {2},
 month = apr,
 year = {1985},
 XXX_fornowremoved_pages = {445--465},
} 

@article{Stankovic:TC,
 author = {Stankovic, J. A.},
 title = {An Application of Bayesian Decision Theory to Decentralized Control of Job Scheduling},
 journal = {IEEE Trans. Comput.},
 volume = {34},
 number = {2},
 month = feb,
 year = {1985},
 XXX_fornowremoved_pages = {117--130},
} 

@article{BeesBased:ADAPTIVE,
 author = {Nakrani, Sunil and Tovey, Craig},
 title = {On Honey Bees and Dynamic Server Allocation in Internet Hosting Centers},
 journal = {Adaptive Behavior - Animals, Animats, Software Agents, Robots, Adaptive Systems},
 volume = {12},
 number = {3-4},
 month = sep,
 year = {2004},
 XXX_fornowremoved_pages = {223--240},
} 

@article{SalehieSelfadaptive:TAAS,
 author = {Salehie, Mazeiar and Tahvildari, Ladan},
 title = {Self-adaptive Software: Landscape and Research Challenges},
 journal = {ACM Trans. Auton. Adapt. Syst.},
 volume = {4},
 number = {2},
 month = may,
 year = {2009},
 XXX_fornowremoved_pages = {14:1--14:42},
} 

@misc{BIGIP,
  title = {BIG-IP Local Traffic Manager},
  howpublished = {\url{http://www.f5.com/products/big-ip/big-ip-local-traffic-manager/}},
  note = {Accessed: 2013-12-31},
}

@inproceedings{PattersonMemoryLB,
 author = {Patterson, R. H. and Gibson, G. A. and Ginting, E. and Stodolsky, D. and Zelenka, J.},
 title = {Informed Prefetching and Caching},
 booktitle = {SOSP},
 year = {1995},
 XXX_fornowremoved_pages = {79--95},
} 

@INPROCEEDINGS{MemoryLBACC, 
author={Yixin Diao and Chai Wah Wu and Hellerstein, J.L. and Storm, A.J. and Surenda, M. and Lightstone, S. and Parekh, S. and Garcia-Arellano, C. and Carroll, M. and Lee Chu and Colaco, J.}, 
booktitle={ACC}, 
title={Comparative studies of load balancing with control and optimization techniques}, 
year={2005}, 
XXX_fornowremoved_pages = {1484--1490}, 
}

@article{Cardellini2003,
 author = {Cardellini, Valeria and Colajanni, Michele and Yu, Philip S.},
 title = {Request Redirection Algorithms for Distributed Web Systems},
 journal = {IEEE Trans. Parallel Distrib. Syst.},
 volume = {14},
 number = {4},
 month = apr,
 year = {2003},
 XXX_fornowremoved_pages = {355--368},
}

@INPROCEEDINGS{GeograficalSASO, 
 author={Andreolini, M. and Casolari, S. and Colajanni, M.}, 
 booktitle={SASO}, 
 title={Autonomic Request Management Algorithms for Geographically Distributed Internet-Based Systems}, 
 year={2008}, 
 XXX_fornowremoved_pages = {171--180}, 
}

@inproceedings{Hamilton07:LISA,
 author = {Hamilton, James},
 title = {On designing and deploying internet-scale services},
 booktitle = {LISA},
 year = {2007},
 removed_isbn = {978-1-59327-152-7},
 XXX_fornowremoved_pages = {18:1--18:12},
 removed_publisher = {USENIX Association},
}

@INPROCEEDINGS{costofcontrol, 
author={Yixin Diao and Hellerstein, J.L. and Storm, A.J. and Surendra, M. and Lightstone, S. and Parekh, S. and Garcia- Arellano, C.}, 
booktitle={RTAS}, 
title={Incorporating cost of control into the design of a load balancing controller}, 
year={2004}, 
XXX_fornowremoved_pages = {376--385}, 
}

@INPROCEEDINGS{multipathctlb, 
author={Lianfang Zhang and Zenghua Zhao and Yantai Shu and Lei Wang and Yang, O. W W}, 
booktitle={ICC}, 
title={Load balancing of multipath source routing in ad hoc networks}, 
year={2002},
XXX_fornowremoved_pages = {3197--3201}, 
}

@INPROCEEDINGS{comparisonstaticdynamic, 
author={Kameda, H. and Fathy, El-Z.S. and Ryu, I. and Jie Li}, 
booktitle={CDC}, 
title={A performance comparison of dynamic vs. static load balancing policies in a mainframe-personal computer network model}, 
year={2000},
XXX_fornowremoved_pages = {1415--1420}, 
}

@article{2RC,
 author = {Mitzenmacher, Michael},
 title = {The Power of Two Choices in Randomized Load Balancing},
 journal = {IEEE Trans. Parallel Distrib. Syst.},
 volume = {12},
 number = {10},
 month = oct,
 year = {2001},
 XXX_fornowremoved_pages = {1094--1104},
 removed_publisher = {IEEE Press},
 removed_address = {Piscataway, NJ, USA},
} 

@article{clusteredbalancing,
 author = {Wolf, Joel L. and Yu, Philip S.},
 title = {On Balancing the Load in a Clustered Web Farm},
 journal = {ACM Trans. Internet Technol.},
 issue_date = {November 2001},
 volume = {1},
 number = {2},
 month = nov,
 year = {2001},
 XXX_fornowremoved_pages = {231--261},
 renived_publisher = {ACM},
 removed_address = {New York, NY, USA},
} 

@INPROCEEDINGS{geographicalwanbalancing, 
author={Ranjan, S. and Karrer, R. and Knightly, E.}, 
booktitle={INFOCOM}, 
title={Wide area redirection of dynamic content by Internet data centers}, 
year={2004},
XXX_fornowremoved_pages = {816--826}, 
}

@inproceedings{feedbackintensive,
 author = {Pao, Tsang-Long and Chen, Jian-Bo},
 title = {The Scalability of Heterogeneous Dispatcher-Based Web Server Load Balancing Architecture},
 booktitle = {PDCAT},
 year = {2006},
 XXX_fornowremoved_pages = {213--216},
 removed_publisher = {IEEE Computer Society},
 removed_address = {Washington, DC, USA},
} 

@inproceedings{CasolariSA,
 author = {Casolari, Sara and Colajanni, Michele and Tosi, Stefania},
 title = {Self-Adaptive Techniques for the Load Trend Evaluation of Internal System Resources},
 booktitle = {ICAS},
 year = {2009},
 XXX_fornowremoved_pages = {28--33},
 removed_publisher = {IEEE Computer Society},
 removed_address = {Washington, DC, USA},
} 

@article{BahiIterative,
 author = {Bahi, Jacques M. and Contassot-Vivier, Sylvain and Couturier, Raphael},
 title = {Dynamic Load Balancing and Efficient Load Estimators for Asynchronous Iterative Algorithms},
 journal = {IEEE Trans. Parallel Distrib. Syst.},
 volume = {16},
 number = {4},
 month = apr,
 year = {2005},
 XXX_fornowremoved_pages = {289--299},
 removed_publisher = {IEEE Press},
 removed_address = {Piscataway, NJ, USA},
} 

@article{Ardagnaalltogether,
 author = {Ardagna, Danilo and Casolari, Sara and Colajanni, Michele and Panicucci, Barbara},
 title = {Dual Time-scale Distributed Capacity Allocation and Load Redirect Algorithms for Cloud Systems},
 journal = {J. Parallel Distrib. Comput.},
 volume = {72},
 number = {6},
 year = {2012},
 XXX_fornowremoved_pages = {796--808},
 removed_publisher = {Academic Press, Inc.},
 removed_address = {Orlando, FL, USA},
} 

@inproceedings{WangOSDI,
 author = {Wang, Limin and Pai, Vivek and Peterson, Larry},
 title = {The Effectiveness of Request Redirection on CDN Robustness},
 booktitle = {OSDI},
 year = {2002},
} 

@ARTICLE{TC-Abdelzaher, 
author={Chengdu Huang and Abdelzaher, T.}, 
journal={IEEE Transactions on Computers}, 
title={Bounded-latency content distribution feasibility and evaluation}, 
year={2005}, 
volume={54}, 
number={11}, 
XXX_fornowremoved_pages = {1422--1437}, 
}

@ARTICLE{CLB, 
author={Manfredi, S. and Oliviero, F. and Romano, S.P.}, 
journal={IEEE/ACM Transactions on Networking}, 
title={A Distributed Control Law for Load Balancing in Content Delivery Networks}, 
year={2013}, 
volume={21}, 
number={1}, 
XXX_fornowremoved_pages = {55--68}, 
}

@inproceedings{Tomas13:CAC,
 author = {Tom\'{a}s, Luis and Tordsson, Johan},
 title = {Improving Cloud Infrastructure Utilization Through Overbooking},
 booktitle = {CAC},
 year = {2013},
 pages = {1--10},
 } 

