@techreport{cloudish-tr,
  author = {Cristian Klein and Martina Maggio and Karl-Erik Årzén and
                  Francisco Hernández-Rodriguez},
  title = {Introducing Service-level Awareness in the Cloud},
  institution = {Lund University},
  year = 2013,
  month = jul,
  day = 1,
  removed_url = {http://www.lunduniversity.lu.se/o.o.i.s?id=12683&postid=3917495},
  issn = {0280-5316},
  number = {ISRN LUTFD2/TFRT-7641-SE},
}

@article{Fielding02,
  author = {Fielding, Roy T. and Taylor, Richard N.},
  title = {Principled design of the modern Web architecture},
  journal = {ACM Trans. Internet Technol.},
  volume = {2},
  number = {2},
  month = may,
  year = {2002},
  pages = {115--150},
}

@article{Nah04:BIT,
  author = {Nah, Fiona Fui-Hoon},
  title = {A study on tolerable waiting time: how long are Web users willing to wait?},
  journal = {Behaviour and Information Technology},
  volume = {23},
  number = {3},
  pages = {153--163},
  year = {2004},
}

@inproceedings{SimEvents, 
  author = {Clune, M.I. and Mosterman, P.J. and Cassandras, C.G.}, 
  booktitle = {8th International Workshop on Discrete Event Systems}, 
  title = {Discrete Event and Hybrid System Simulation with SimEvents}, 
  year = {2006}, 
  pages = {386--387}, 
}

@inproceedings{Gulati11:HotCloud,
  author = {Gulati, Ajay and Shanmuganathan, Ganesha and Holler, Anne
                  and Ahmad, Irfan},
  title = {Cloud-scale resource management: challenges and techniques},
  booktitle = {HotCloud},
  year = {2011},
}

@article{Buyya09:FGCS,
  author = {Rajkumar Buyya and Chee Shin Yeo and Srikumar Venugopal
                  and James Broberg and Ivona Brandic}, 
  title = {Cloud Computing and Emerging IT Platforms: Vision, Hype,
                  and Reality for Delivering Computing as the 5th
                  Utility},
  journal = {Future Generation Computer Systems},
  volume = 25,
  number = 6,
  pages = {599--616},
  year = {2009},
}

@inproceedings{Herbst13:ICAC,
  author = {Nikolas Roman Herbst and Samuel Kounev and Ralf Reussner},
  title = {Elasticity in Cloud Computing: What it is, and What it is
                  Not},
  booktitle = {ICAC},
  year = {2013},
}

@article{WPonMckinsey13,
  author = {Neil Irwin},
  title = {These 12 technologies will drive our economic future}, 
  year = {2013},
  month = may,
  day = {24},
  journal = {The Washington Post},
  url = {http://goo.gl/EyPBxd},
}

@inproceedings{Bodik10:SoCC,
  author = {Bodik, Peter and Fox, Armando and Franklin, Michael J. and
                  Jordan, Michael I. and Patterson, David A.},
  title = {Characterizing, modeling, and generating workload spikes
                  for stateful services},
  booktitle = {SOCC},
  year = {2010},
  pages = {241--252},
}

@book{Barroso09,
  author    = {Luiz Andre Barroso and Urs Hölzle},
  title     = {The Datacenter as a Computer: An Introduction to the
                  Design of Warehouse-Scale Machines},
  publisher = {Morgan {\&} Claypool},
  series    = {Synthesis Lectures on Computer Architecture},
  year      = {2009},
}

@article{Lu11:PerfEval,
  author = {Lu, Yi and Xie, Qiaomin and Kliot, Gabriel and Geller,
                  Alan and Larus, James R. and Greenberg, Albert},
  title = {Join-Idle-Queue: A novel load balancing algorithm for
                  dynamically scalable web services},
  journal = {Perform. Eval.},
  volume = {68},
  number = {11},
  month = nov,
  year = {2011},
  issn = {0166-5316},
}

@inproceedings{Lin12:IGCC,
  author = {Lin, Minghong and Liu, Zhenhua and Wierman, Adam and
                  Andrew, Lachlan L.  H.},
  title = {Online algorithms for geographical load balancing},
  booktitle = {IGCC},
  year = {2012},
  pages = {1--10},
} 

@ARTICLE{LoadBalancingForElectricity:TCC, 
  author = {Doyle, Joseph and Shorten, Robert and O'Mahony, Donal}, 
  journal = {Cloud Computing, IEEE Transactions on}, 
  title = {Stratus: Load Balancing the Cloud for Carbon Emissions Control}, 
  year = {2013}, 
  volume = {1}, 
  number = {1}, 
  pages = {116--128},
}

@ARTICLE{StaticLoadBalancing:TSE, 
  author = {Ni, L.M. and Kai Hwang}, 
  journal = {Software Engineering, IEEE Transactions on}, 
  title = {Optimal Load Balancing in a Multiple Processor System with Many Job Classes}, 
  year = {1985}, 
  volume = {11}, 
  number = {5}, 
  pages = {491--496}, 
}

@article{StaticOptimal:ACM,
 author = {Tantawi, Asser N. and Towsley, Don},
 title = {Optimal Static Load Balancing in Distributed Computer Systems},
 journal = {J. ACM},
 volume = {32},
 number = {2},
 month = apr,
 year = {1985},
 pages = {445--465},
} 

@article{Stankovic:TC,
 author = {Stankovic, J. A.},
 title = {An Application of Bayesian Decision Theory to Decentralized Control of Job Scheduling},
 journal = {IEEE Trans. Comput.},
 volume = {34},
 number = {2},
 month = feb,
 year = {1985},
 pages = {117--130},
} 

@article{BeesBased:ADAPTIVE,
 author = {Nakrani, Sunil and Tovey, Craig},
 title = {On Honey Bees and Dynamic Server Allocation in Internet Hosting Centers},
 journal = {Adaptive Behavior - Animals, Animats, Software Agents, Robots, Adaptive Systems},
 volume = {12},
 number = {3-4},
 month = sep,
 year = {2004},
 pages = {223--240},
} 

@article{SalehieSelfadaptive:TAAS,
 author = {Salehie, Mazeiar and Tahvildari, Ladan},
 title = {Self-adaptive Software: Landscape and Research Challenges},
 journal = {ACM Trans. Auton. Adapt. Syst.},
 volume = {4},
 number = {2},
 month = may,
 year = {2009},
 pages = {14:1--14:42},
} 

@misc{BIGIP,
  title = {BIG-IP Local Traffic Manager},
  howpublished = {\url{http://www.f5.com/products/big-ip/big-ip-local-traffic-manager/}},
  note = {Accessed: 2013-12-31},
}

@inproceedings{PattersonMemoryLB,
 author = {Patterson, R. H. and Gibson, G. A. and Ginting, E. and Stodolsky, D. and Zelenka, J.},
 title = {Informed Prefetching and Caching},
 booktitle = {SOSP},
 year = {1995},
 pages = {79--95},
} 

@INPROCEEDINGS{MemoryLBACC, 
author={Yixin Diao and Chai Wah Wu and Hellerstein, J.L. and Storm, A.J. and Surenda, M. and Lightstone, S. and Parekh, S. and Garcia-Arellano, C. and Carroll, M. and Lee Chu and Colaco, J.}, 
booktitle={ACC}, 
title={Comparative studies of load balancing with control and optimization techniques}, 
year={2005}, 
pages={1484--1490}, 
}

@article{Cardellini2003,
 author = {Cardellini, Valeria and Colajanni, Michele and Yu, Philip S.},
 title = {Request Redirection Algorithms for Distributed Web Systems},
 journal = {IEEE Trans. Parallel Distrib. Syst.},
 volume = {14},
 number = {4},
 month = apr,
 year = {2003},
 pages = {355--368},
}

@INPROCEEDINGS{GeograficalSASO, 
 author={Andreolini, M. and Casolari, S. and Colajanni, M.}, 
 booktitle={SASO}, 
 title={Autonomic Request Management Algorithms for Geographically Distributed Internet-Based Systems}, 
 year={2008}, 
 pages={171--180}, 
}

@inproceedings{Hamilton07:LISA,
 author = {Hamilton, James},
 title = {On designing and deploying internet-scale services},
 booktitle = {LISA},
 year = {2007},
 removed_isbn = {978-1-59327-152-7},
 pages = {18:1--18:12},
 removed_publisher = {USENIX Association},
}

