@techreport{cloudish-tr,
  author = {Cristian Klein and Martina Maggio and Karl-Erik Årzén and Francisco Hernández-Rodriguez},
  title = {Introducing Service-level Awareness in the Cloud},
  institution = {Lund University},
  year = 2013,
  month = jul,
  day = 1,
  removed_url = {http://www.lunduniversity.lu.se/o.o.i.s?id=12683&postid=3917495},
  issn = {0280-5316},
  number = {ISRN LUTFD2/TFRT-7641-SE},
}

@article{Fielding02,
  author = {Fielding, Roy T. and Taylor, Richard N.},
  title = {Principled design of the modern Web architecture},
  journal = {ACM Trans. Internet Technol.},
  volume = {2},
  number = {2},
  month = may,
  year = {2002},
  pages = {115--150},
  publisher = {ACM},
}

@article{Nah04:BIT,
  author = {Nah, Fiona Fui-Hoon},
  title = {A study on tolerable waiting time: how long are Web users willing to wait?},
  journal = {Behaviour and Information Technology},
  volume = {23},
  number = {3},
  pages = {153--163},
  year = {2004},
}

@inproceedings{SimEvents, 
  author = {Clune, M.I. and Mosterman, P.J. and Cassandras, C.G.}, 
  booktitle = {8th International Workshop on Discrete Event Systems}, 
  title = {Discrete Event and Hybrid System Simulation with SimEvents}, 
  year = {2006}, 
  pages = {386--387}, 
}

@inproceedings{Gulati11:HotCloud,
	author = {Gulati, Ajay and Shanmuganathan, Ganesha and Holler, Anne and Ahmad, Irfan},
	title = {Cloud-scale resource management: challenges and techniques},
	booktitle = {HotCloud},
	year = {2011},
	removed_publisher = {USENIX Association},
	removed_address = {Berkeley, CA, USA},
}

@article{Buyya09:FGCS,
	author = {Rajkumar Buyya and Chee Shin Yeo and Srikumar Venugopal and James Broberg and Ivona Brandic},
	title = {Cloud Computing and Emerging IT Platforms: Vision, Hype, and Reality for Delivering Computing as the 5th Utility},
	journal = {Future Generation Computer Systems},
	volume = 25,
	number = 6,
	removed_pages = {599--616},
	removed_publisher = {Elsevier Science},
	removed_location = {Amsterdam, The Netherlands},
	year = {2009},
}

@inproceedings{Herbst13:ICAC,
  author = {Nikolas Roman Herbst and Samuel Kounev and Ralf Reussner},
  title = {Elasticity in Cloud Computing: What it is, and What it is Not},
  booktitle = {Proceedings of the 10th International Conference on Autonomic Computing
	(ICAC 2013), San Jose, CA, June 24--28},
  year = {2013},
  publisher = usenix,
}

@misc{WPonMckinsey13,
 author = {Neil Irwin},
 title = {These 12 technologies will drive our economic future},
 year = {2013},
 month = may,
 day = {24},
 url = {http://www.washingtonpost.com/blogs/wonkblog/wp/2013/05/24/these-12-technologies-will-drive-our-economic-future/},
}

@inproceedings{Bodik10:SoCC,
	author = {Bodik, Peter and Fox, Armando and Franklin, Michael J. and Jordan, Michael I. and Patterson, David A.},
	title = {Characterizing, modeling, and generating workload spikes for stateful services},
	booktitle = {SOCC},
	year = {2010},
	removed_location = {Indianapolis, Indiana, USA},
	pages = {241--252},
	removed_publisher = {ACM},
	removed_address = {New York, NY, USA},
}

